
@article{vinh2010information,
  title={Information theoretic measures for clusterings comparison: Variants, properties, normalization and correction for chance},
  author={Vinh, Nguyen Xuan and Epps, Julien and Bailey, James},
  journal={Journal of Machine Learning Research},
  volume={11},
  number={Oct},
  pages={2837--2854},
  year={2010}
}
@article{maaten2008visualizing,
  title={Visualizing data using t-SNE},
  author={Maaten, Laurens van der and Hinton, Geoffrey},
  journal={Journal of Machine Learning Research},
  volume={9},
  number={Nov},
  pages={2579--2605},
  year={2008}
}
@article{grinev2015decoding,
  title={Decoding of exon splicing patterns in the human RUNX1--RUNX1T1 fusion gene},
  author={Grinev, Vasily V and Migas, Alexandr A and Kirsanava, Aksana D and Mishkova, Olga A and Siomava, Natalia and Ramanouskaya, Tatiana V and Vaitsiankova, Alina V and Ilyushonak, Ilia M and Nazarov, Petr V and Vallar, Laurent and others},
  journal={The international journal of biochemistry \& cell biology},
  volume={68},
  pages={48--58},
  year={2015},
  publisher={Elsevier}
}
@article{oyelade2016clustering,
  title={Clustering Algorithms: Their Application to Gene Expression Data},
  author={Oyelade, Jelili and Isewon, Itunuoluwa and Oladipupo, Funke and Aromolaran, Olufemi and Uwoghiren, Efosa and Ameh, Faridah and Achas, Moses and Adebiyi, Ezekiel},
  journal={Bioinformatics and Biology insights},
  volume={10},
  pages={237},
  year={2016},
  publisher={Libertas Academica}
}
@article{von2007tutorial,
  title={A tutorial on spectral clustering},
  author={Von Luxburg, Ulrike},
  journal={Statistics and computing},
  volume={17},
  number={4},
  pages={395--416},
  year={2007},
  publisher={Springer}
}
@article{azevedo2008kdd,
  title={KDD, SEMMA and CRISP-DM: a parallel overview},
  author={Azevedo, Ana Isabel Roj{\~a}o Louren{\c{c}}o and Santos, Manuel Filipe},
  journal={IADS-DM},
  year={2008}
}
@book{wagner2007comparing,
  title={Comparing clusterings: an overview},
  author={Wagner, Silke and Wagner, Dorothea},
  year={2007},
  publisher={Universit{\"a}t Karlsruhe, Fakult{\"a}t f{\"u}r Informatik Karlsruhe}
}
@article{belkin2003laplacian,
  title={Laplacian eigenmaps for dimensionality reduction and data representation},
  author={Belkin, Mikhail and Niyogi, Partha},
  journal={Neural computation},
  volume={15},
  number={6},
  pages={1373--1396},
  year={2003},
  publisher={MIT Press}
}
@inproceedings{li2012unsupervised,
  title={Unsupervised feature selection using nonnegative spectral analysis.},
  author={Li, Zechao and Yang, Yi and Liu, Jing and Zhou, Xiaofang and Lu, Hanqing and others},
  booktitle={AAAI},
  year={2012}
}
@inproceedings{yang2011l2,
  title={l2, 1-norm regularized discriminative feature selection for unsupervised learning},
  author={Yang, Yi and Shen, Heng Tao and Ma, Zhigang and Huang, Zi and Zhou, Xiaofang},
  booktitle={IJCAI proceedings-international joint conference on artificial intelligence},
  volume={22},
  number={1},
  pages={1589},
  year={2011}
}
@inproceedings{he2005laplacian,
  title={Laplacian score for feature selection},
  author={He, Xiaofei and Cai, Deng and Niyogi, Partha},
  booktitle={NIPS},
  volume={186},
  pages={189},
  year={2005}
}
@inproceedings{zhao2007spectral,
  title={Spectral feature selection for supervised and unsupervised learning},
  author={Zhao, Zheng and Liu, Huan},
  booktitle={Proceedings of the 24th international conference on Machine learning},
  pages={1151--1157},
  year={2007},
  organization={ACM}
}
@inproceedings{cai2010unsupervised,
  title={Unsupervised feature selection for multi-cluster data},
  author={Cai, Deng and Zhang, Chiyuan and He, Xiaofei},
  booktitle={Proceedings of the 16th ACM SIGKDD international conference on Knowledge discovery and data mining},
  pages={333--342},
  year={2010},
  organization={ACM}
}
@article{sakharkar2004distributions,
  title={Distributions of exons and introns in the human genome},
  author={Sakharkar, Meena Kishore and Chow, Vincent TK and Kangueane, Pandjassarame},
  journal={In silico biology},
  volume={4},
  number={4},
  pages={387--393},
  year={2004},
  publisher={IOS press}
}
@article{birdsell2002integrating,
  title={Integrating genomics, bioinformatics, and classical genetics to study the effects of recombination on genome evolution},
  author={Birdsell, John A},
  journal={Molecular biology and evolution},
  volume={19},
  number={7},
  pages={1181--1197},
  year={2002},
  publisher={SMBE}
}
@book{yang2010nature,
  title={Nature-inspired metaheuristic algorithms},
  author={Yang, Xin-She},
  year={2010},
  publisher={Luniver press}
}
@book{durbin1998biological,
  title={Biological sequence analysis: probabilistic models of proteins and nucleic acids},
  author={Durbin, Richard and Eddy, Sean R and Krogh, Anders and Mitchison, Graeme},
  year={1998},
  publisher={Cambridge university press}
}
@book{gendreau2010handbook,
  title={Handbook of metaheuristics},
  author={Gendreau, Michel and Potvin, Jean-Yves},
  volume={2},
  year={2010},
  publisher={Springer}
}